<record><leader>00000cas a2200000 a 4500</leader><controlfield tag="001">426730016</controlfield><controlfield tag="006">m     o  d        </controlfield><controlfield tag="007">cr |n|||||||||</controlfield><controlfield tag="008">850131d19731980iluwr n o     0    0eng c</controlfield><datafield ind1=" " ind2=" " tag="010"><subfield code="a">  2013238093</subfield></datafield><datafield ind1=" " ind2=" " tag="040"><subfield code="a">InU</subfield><subfield code="b">eng</subfield><subfield code="c">EMI</subfield><subfield code="d">IUL</subfield><subfield code="d">SERSO</subfield><subfield code="d">OCLCF</subfield><subfield code="d">OCLCO</subfield><subfield code="d">OCLCQ</subfield></datafield><datafield ind1=" " ind2=" " tag="042"><subfield code="a">pcc</subfield></datafield><datafield ind1=" " ind2=" " tag="043"><subfield code="a">n-us-il</subfield></datafield><datafield ind1="0" ind2=" " tag="130"><subfield code="a">Chicago defender (Chicago, Ill. : Weekly : Online)</subfield></datafield><datafield ind1="1" ind2="0" tag="245"><subfield code="a">Chicago defender.</subfield></datafield><datafield ind1=" " ind2=" " tag="250"><subfield code="a">Big Weekend ed.</subfield></datafield><datafield ind1=" " ind2=" " tag="260"><subfield code="a">Chicago, Ill. :</subfield><subfield code="b">Robert S. Abbott Pub. Co.</subfield></datafield><datafield ind1=" " ind2=" " tag="310"><subfield code="a">Weekly</subfield></datafield><datafield ind1=" " ind2=" " tag="336"><subfield code="a">text</subfield><subfield code="b">txt</subfield><subfield code="2">rdacontent</subfield></datafield><datafield ind1=" " ind2=" " tag="337"><subfield code="a">computer</subfield><subfield code="b">c</subfield><subfield code="2">rdamedia</subfield></datafield><datafield ind1=" " ind2=" " tag="338"><subfield code="a">online resource</subfield><subfield code="b">cr</subfield><subfield code="2">rdacarrier</subfield></datafield><datafield ind1="0" ind2=" " tag="362"><subfield code="a">Vol. 68, no. 43 (Feb. 24, 1973)-v. 75, no. 250 (Apr. 26, 1980).</subfield></datafield><datafield ind1=" " ind2=" " tag="530"><subfield code="a">Also issued on microfilm and print.</subfield></datafield><datafield ind1=" " ind2=" " tag="588"><subfield code="a">Description based on: Volume 68, no. 43 (February 24, 1973); title from PDF masthead (ProQuest, viewed January 25, 2013).</subfield></datafield><datafield ind1=" " ind2="0" tag="650"><subfield code="a">African Americans</subfield><subfield code="z">Illinois</subfield><subfield code="z">Chicago</subfield><subfield code="v">Newspapers.</subfield></datafield><datafield ind1=" " ind2="0" tag="651"><subfield code="a">Chicago (Ill.)</subfield><subfield code="v">Newspapers.</subfield></datafield><datafield ind1=" " ind2="0" tag="651"><subfield code="a">Cook County (Ill.)</subfield><subfield code="v">Newspapers.</subfield></datafield><datafield ind1=" " ind2="7" tag="650"><subfield code="a">African Americans.</subfield><subfield code="2">fast</subfield><subfield code="0">(OCoLC)fst00799558</subfield></datafield><datafield ind1=" " ind2="7" tag="651"><subfield code="a">Illinois</subfield><subfield code="z">Chicago.</subfield><subfield code="2">fast</subfield><subfield code="0">(OCoLC)fst01204048</subfield></datafield><datafield ind1=" " ind2="7" tag="651"><subfield code="a">Illinois</subfield><subfield code="z">Cook County.</subfield><subfield code="2">fast</subfield><subfield code="0">(OCoLC)fst01205334</subfield></datafield><datafield ind1=" " ind2="7" tag="655"><subfield code="a">Newspapers.</subfield><subfield code="2">fast</subfield><subfield code="0">(OCoLC)fst01423814</subfield></datafield><datafield ind1=" " ind2=" " tag="752"><subfield code="a">United States</subfield><subfield code="b">Illinois</subfield><subfield code="c">Cook</subfield><subfield code="d">Chicago.</subfield></datafield><datafield ind1="0" ind2=" " tag="775"><subfield code="t">Chicago defender (Chicago, Ill. : Daily)</subfield><subfield code="w">(DLC)sn 83007383</subfield><subfield code="w">(OCoLC)9387279</subfield></datafield><datafield ind1="0" ind2="8" tag="776"><subfield code="i">Print version:</subfield><subfield code="t">Chicago defender (Chicago, Ill. : Weekly)</subfield><subfield code="w">(DLC)sn 85047508</subfield><subfield code="w">(OCoLC)11644925</subfield></datafield><datafield ind1="0" ind2="0" tag="780"><subfield code="t">Chicago daily defender</subfield><subfield code="w">(DLC)  2010252569</subfield><subfield code="w">(OCoLC)426729996</subfield></datafield><datafield ind1="0" ind2="0" tag="785"><subfield code="t">Chicago defender (Chicago, Ill. : Daily : Online)</subfield><subfield code="w">(DLC)sn 83007383</subfield><subfield code="w">(OCoLC)60620855</subfield></datafield><datafield ind1="4" ind2="2" tag="856"><subfield code="3">Brochure</subfield><subfield code="u">http://www.proquest.com/assets/literature/products/databases/ChicagoDefend.pdf</subfield></datafield><datafield ind1="1" ind2=" " tag="029"><subfield code="a">AU@</subfield><subfield code="b">000050473515</subfield></datafield></record>